@book{Distributed_File_System,
  author = " Silberschatz, Galvin",
  title = "chapter 17 Distributed file systems",
  publisher = "Addison-Wesley Publishing Company",
  address = "",
  year = "1994"
}
@book{ IOR_Description,
  author = "IOR-Bennchmark",
  title = "IORv2.10.1",
  publisher = "NERSC Lab",
  address ="http://www.nersc.gov/users/computational-systems/nersc-8-system-cori/nersc-8-procurement/trinity-nersc-8-rfp/nersc-8-trinity-benchmarks/ior/",
  year = "2012"
}

@article{ IOR_Performance_measurement_in_File_System,
  author = "Andrew Uselton,Katie Antypas,Daniela Ushizima",
  title = "File System Monitoring as a Window into user I/O requirements",
  journal = "Computational Research",
  volume = "",
  number = "",
  pages = "",
  month = "May",
  year = "2010"
}

@InProceedings { inproceedingscapit.cd-cghmmnr_bswhlc_05,
  author = {Capit, Nicolas and Da Costa, Georges and Georgiou, Yiannis and Huard, Guillaume and Martin, Cyrille and Mounié, Grégory and Neyron, Pierre and Richard, Olivier},
  title = {{A} batch scheduler with high level components},
  booktitle = {{C}luster computing and {G}rid 2005 ({CCG}rid05)},
  year = {2005},
  number = {143},
  x-proceedings = {yes},
  x-international-audience = {yes},
  x-invited-conference = {no},
}

@book{ Grid5000,
  author = "GRID'5000",
  title = "French National Grid test bed",
  publisher = "Alaadin Grid'5000:INRIA Lab",
  address ="http://www.nersc.gov/users/computational-systems/nersc-8-system-cori/nersc-8-procurement/trinity-nersc-8-rfp/nersc-8-trinity-benchmarks/ior/",
  year = "2012"
}

@article{lallouette:hal-00967106,
    hal_id = {hal-00967106},
    url = {http://hal.inria.fr/hal-00967106},
    title = {{Sparse short-distance connections enhance calcium wave propagation in a 3D model of astrocyte networks}},
    author = {Lallouette, Jules and De Pitt{\`a}, Maurizio and Ben Jacob, Eshel and Berry, Hugues},
    affiliation = {BEAGLE - Insa Lyon / INRIA Grenoble Rh{\^o}ne-Alpes / UCBL , School of Physics and Astronomy [Tel Aviv] , Laboratoire d'InfoRmatique en Image et Syst{\`e}mes d'information - LIRIS},
    publisher = {Frontiers Media},
    pages = {45},
    journal = {Frontiers in Computational Neuroscience},
    volume = {8},
    doi = {10.3389/fncom.2014.00045 },
    year = {2014},
    pdf = {http://hal.inria.fr/hal-00967106/PDF/LallouetteFrontiersCN2014.pdf},
}
@book{docker-oar,
  author = "Salem Horrache,Pierre Neyron",
  title = "Test OAR Cluster in a Docker Environment",
  publisher = "",
  address = "http://www.docker.com/whatisdocker/",
  year = "2014"
}
@book{docker,
  author = "Docker",
  title = "Software developed for develop,built and Deploy Distributer applications",
  publisher = "",
  address = "http://www.docker.com/whatisdocker/",
  year = ""
}

